<?xml version="1.0" encoding="UTF-8"?><collection xmlns="http://www.loc.gov/MARC21/slim"><record><leader>00317nam--2200121-i-4500</leader><controlfield tag="001">000006606</controlfield><controlfield tag="002">20161230</controlfield><controlfield tag="005">20161230201026</controlfield><controlfield tag="008">060222s1000------------r-----000-0-eng-d</controlfield><datafield ind1=" " ind2=" " tag="245"><subfield code="a">Chaine d analyse multiparametrique</subfield></datafield><datafield ind1=" " ind2=" " tag="260"><subfield code="a">Plaisur,S.-et-o,Intertechnique,/1963/. 77p.+fig</subfield></datafield><datafield ind1=" " ind2=" " tag="490"><subfield code="a">De/Dn/60/Fs/Ja</subfield></datafield><datafield ind1=" " ind2=" " tag="852"><subfield code="a">19162</subfield></datafield></record></collection>